<?xml version="1.0" encoding="utf-8"?>
<record xmlns="http://www.loc.gov/MARC21/slim" xmlns:xsi="http://www.w3.org/2001/XMLSchema-instance" xsi:schemaLocation="http://www.loc.gov/MARC21/slim http://www.loc.gov/standards/marcxml/schema/MARC21slim.xsd">
	<leader>     nam a22        4500</leader>
	<controlfield tag="001">b12344758</controlfield>
	<controlfield tag="003">LeBAU</controlfield>
	<controlfield tag="006">m        d        </controlfield>
	<controlfield tag="007">cr cn |||m|||a</controlfield>
	<controlfield tag="008">170926m19111928tu      o     ||0 0 ara d</controlfield>
	<datafield ind1=" " ind2=" " tag="040">
		<subfield code="a">NNU</subfield>
		<subfield code="b">ara</subfield>
		<subfield code="e">rda</subfield>
		<subfield code="c">NNU</subfield>
	</datafield>
	<datafield ind1="0" ind2="4" tag="082">
		<subfield code="a">297.1227</subfield>
		<subfield code="2">22</subfield>
	</datafield>
	<datafield ind1="1" ind2=" " tag="100">
		<subfield code="6">880-01</subfield>
		<subfield code="a">İsmail Hakkı,</subfield>
		<subfield code="c">Bursalı,</subfield>
		<subfield code="d">1653-1724 or 1725,</subfield>
		<subfield code="e">author.</subfield>
	</datafield>
	<datafield ind1="1" ind2="0" tag="245">
		<subfield code="6">880-02</subfield>
		<subfield code="a">Tafsīr rūḥ al-bayān /</subfield>
		<subfield code="c">ta’līf al-imām al-‘ālim al-fāḍil wa-al-shaykh al-naḥrīr al-kāmil al-jāmi‘ bayna al-bawāṭin wa-al-ẓawāhir wa-mafkhar al-amāthil wa-al-akābir khātimat al-mufassirīn wa-qudwat arbāb al-ḥaqīqah wa-al-yaqīn farīd awānihi wa-quṭb zamānihi manba‘ jamī‘ al-‘ulūm mawlānā wa-mawlá al-Rūm al-shaykh Ismā‘īl Ḥaqqī al-Brūsawī al-mutawaffá sanat 1137 .</subfield>
	</datafield>
	<datafield ind1="3" ind2="0" tag="246">
		<subfield code="6">880-03</subfield>
		<subfield code="a">Rūḥ al-bayān</subfield>
	</datafield>
	<datafield ind1=" " ind2="1" tag="264">
		<subfield code="6">880-04</subfield>
		<subfield code="a">Dirsa‘ādat :</subfield>
		<subfield code="b">al-Maṭbaʻah al-ʻUthmānīyah,</subfield>
		<subfield code="c">1330-[1347?] H. = [1911?]-1928 M.</subfield>
	</datafield>
	<datafield ind1=" " ind2=" " tag="300">
		<subfield code="6">880-05</subfield>
		<subfield code="a">online resource (10 volumes)</subfield>
	</datafield>
	<datafield ind1=" " ind2=" " tag="336">
		<subfield code="a">text</subfield>
		<subfield code="2">rdacontent</subfield>
	</datafield>
	<datafield ind1=" " ind2=" " tag="337">
		<subfield code="a">computer</subfield>
		<subfield code="2">rdamedia</subfield>
	</datafield>
	<datafield ind1=" " ind2=" " tag="338">
		<subfield code="a">online resource</subfield>
		<subfield code="2">rdacarrier</subfield>
	</datafield>
	<datafield ind1=" " ind2=" " tag="500">
		<subfield code="a">Part of the Arabic Collections Online (ACO) project, contributed by American University of Beirut's Jafet Memorial Library.</subfield>
	</datafield>
	<datafield ind1=" " ind2=" " tag="533">
		<subfield code="a">Electronic reproduction.</subfield>
		<subfield code="b">New York, N.Y. :</subfield>
		<subfield code="c">New York University,</subfield>
		<subfield code="d">2017.</subfield>
		<subfield code="5">NNU</subfield>
	</datafield>
	<datafield ind1="0" ind2="4" tag="630">
		<subfield code="a">قرآن</subfield>
		<subfield code="x">تفسير وتأويل</subfield>
		<subfield code="v">أعمال قديمة حتى 1800.</subfield>
	</datafield>
	<datafield ind1="0" ind2="0" tag="630">
		<subfield code="a">Qurʼan</subfield>
		<subfield code="x">Commentaries</subfield>
		<subfield code="v">Early works to 1800.</subfield>
	</datafield>
	<datafield ind1="2" ind2=" " tag="710">
		<subfield code="a">Jafet Memorial Library.</subfield>
	</datafield>
	<datafield ind1="0" ind2=" " tag="730">
		<subfield code="a">Arabic Collections Online.</subfield>
	</datafield>
	<datafield ind1="0" ind2="8" tag="776">
		<subfield code="i">Print version:</subfield>
		<subfield code="a">İsmail Hakkı, Bursalı, 1653-1724 or 1725, author.</subfield>
		<subfield code="t">Tafsīr rūḥ al-bayān</subfield>
		<subfield code="w">(LeBAU)b12344758</subfield>
	</datafield>
	<datafield ind1="4" ind2="0" tag="856">
		<subfield code="u">http://hdl.handle.net/2333.1/70rxwkhv</subfield>
	</datafield>
	<datafield ind1="1" ind2=" " tag="880">
		<subfield code="6">100-01/(3/r</subfield>
		<subfield code="a">اسماعيل حقي،</subfield>
		<subfield code="c">البروسوي،</subfield>
		<subfield code="d">1653-1724 او 1725،</subfield>
		<subfield code="e">مؤلف. </subfield>
		<subfield code="4">aut.</subfield>
	</datafield>
	<datafield ind1="1" ind2="0" tag="880">
		<subfield code="6">245-02/(3/r</subfield>
		<subfield code="a">تفسير روح البيان /</subfield>
		<subfield code="c">تأليف الإمام العالم الفاضل والشيخ النحرير الكامل الجامع بين البواطن والظواهر ومفخر الأماثل والأكابر خاتمة المفسرين وقدوة أرباب الحقيقة واليقين فريد أوانه وقطب زمانه منبع جميع العلوم مولانا ومولى الروم الشيخ إسماعيل حقي البروسوي المتوفى سنة 1137.</subfield>
	</datafield>
	<datafield ind1="3" ind2="0" tag="880">
		<subfield code="6">246-03/(3/r</subfield>
		<subfield code="a">روح البيان</subfield>
	</datafield>
	<datafield ind1=" " ind2="1" tag="880">
		<subfield code="6">264-04/(3/r</subfield>
		<subfield code="a">درسعادت :</subfield>
		<subfield code="b">المطبعة العثمانية،</subfield>
		<subfield code="c">1330-[1347؟] هـ. = [1911؟]-1928 م.</subfield>
	</datafield>
	<datafield ind1=" " ind2=" " tag="880">
		<subfield code="6">300-05/(3/r</subfield>
		<subfield code="a">10 جلود ؛</subfield>
		<subfield code="c">29 سم</subfield>
	</datafield>
	<datafield ind1=" " ind2=" " tag="959">
		<subfield code="a">NNU</subfield>
		<subfield code="b">WEB</subfield>
		<subfield code="c">GENI</subfield>
		<subfield code="t">0</subfield>
		<subfield code="m">Electronic access</subfield>
		<subfield code="s">01</subfield>
	</datafield>
	<datafield ind1=" " ind2=" " tag="999">
		<subfield code="i">LeBAU_b12344758</subfield>
		<subfield code="s">aub_aco000974:v.1</subfield>
		<subfield code="s">aub_aco000975:v.2</subfield>
		<subfield code="s">aub_aco000976:v.3</subfield>
		<subfield code="s">aub_aco000977:v.4</subfield>
		<subfield code="s">aub_aco000978:v.5</subfield>
		<subfield code="s">aub_aco000979:v.6</subfield>
		<subfield code="s">aub_aco000980:v.7</subfield>
		<subfield code="s">aub_aco000981:v.8</subfield>
		<subfield code="s">aub_aco000982:v.9</subfield>
		<subfield code="s">aub_aco000983:v.10</subfield>
		<subfield code="e">(ERROR-MISC)</subfield>
	</datafield>
</record>
